<?xml version="1.0" encoding="UTF-8"?>
<collection>
	<record>
		<leader>00958nam a2200277 c 4500</leader>
		<controlfield tag="001">BV010419931</controlfield>
		<controlfield tag="003">DE-604</controlfield>
		<controlfield tag="005">20140109</controlfield>
		<controlfield tag="007">t</controlfield>
		<controlfield tag="008">951006s1961 a||| m||| 00||| ger d
		</controlfield>
		<datafield tag="035" ind1=" " ind2=" ">
			<subfield code="a">(OCoLC)643971207</subfield>
		</datafield>
		<datafield tag="035" ind1=" " ind2=" ">
			<subfield code="a">(DE-599)BVBBV010419931</subfield>
		</datafield>
		<datafield tag="040" ind1=" " ind2=" ">
			<subfield code="a">DE-604</subfield>
			<subfield code="b">ger</subfield>
			<subfield code="e">rakddb</subfield>
		</datafield>
		<datafield tag="049" ind1=" " ind2=" ">
			<subfield code="a">DE-12</subfield>
			<subfield code="a">DE-20</subfield>
			<subfield code="a">DE-19</subfield>
			<subfield code="a">DE-703</subfield>
			<subfield code="a">DE-355</subfield>
			<subfield code="a">DE-83</subfield>
		</datafield>
		<datafield tag="100" ind1="1" ind2=" ">
			<subfield code="a">Reinhard, Christoph</subfield>
			<subfield code="e">Verfasser</subfield>
			<subfield code="0">(DE-588)105910996</subfield>
			<subfield code="4">aut</subfield>
		</datafield>
		<datafield tag="245" ind1="1" ind2="0">
			<subfield code="a">Über stickstoff- und schwefelhaltige
				Inhaltsstoffe des Hexeneis von Phallus impudicus L.</subfield>
			<subfield code="c">von Christoph Reinhard</subfield>
		</datafield>
		<datafield tag="260" ind1=" " ind2=" ">
			<subfield code="c">1961</subfield>
		</datafield>
		<datafield tag="300" ind1=" " ind2=" ">
			<subfield code="a">44, III S.</subfield>
			<subfield code="b">Ill.</subfield>
		</datafield>
		<datafield tag="502" ind1=" " ind2=" ">
			<subfield code="a">Würzburg, Univ., Diss., 1961</subfield>
		</datafield>
		<datafield tag="650" ind1="0" ind2="7">
			<subfield code="0">(DE-588)4139067-2</subfield>
			<subfield code="a">Pflanzeninhaltsstoff</subfield>
			<subfield code="2">gnd</subfield>
		</datafield>
		<datafield tag="650" ind1="0" ind2="7">
			<subfield code="0">(DE-588)4183353-3</subfield>
			<subfield code="a">Stinkmorchel</subfield>
			<subfield code="2">gnd</subfield>
		</datafield>
		<datafield tag="689" ind1="0" ind2="0">
			<subfield code="0">(DE-588)4183353-3</subfield>
			<subfield code="D">s</subfield>
			<subfield code="a">Stinkmorchel</subfield>
		</datafield>
		<datafield tag="689" ind1="0" ind2="1">
			<subfield code="0">(DE-588)4139067-2</subfield>
			<subfield code="D">s</subfield>
			<subfield code="a">Pflanzeninhaltsstoff</subfield>
		</datafield>
		<datafield tag="689" ind1="0" ind2=" ">
			<subfield code="5">DE-604</subfield>
		</datafield>
		<datafield tag="940" ind1="1" ind2=" ">
			<subfield code="q">TUB-nveb</subfield>
		</datafield>
		<datafield tag="999" ind1=" " ind2=" ">
			<subfield code="a">oai:aleph.bib-bvb.de:BVB01-006940992
			</subfield>
		</datafield>
		<datafield tag="924" ind1=" " ind2=" ">
			<subfield code="a">BV010419931</subfield>
			<subfield code="b">DE-12</subfield>
			<subfield code="c">BVB</subfield>
		</datafield>
		<datafield tag="924" ind1=" " ind2=" ">
			<subfield code="a">BV010419931</subfield>
			<subfield code="b">DE-20</subfield>
			<subfield code="c">BVB</subfield>
		</datafield>
		<datafield tag="924" ind1=" " ind2=" ">
			<subfield code="a">BV010419931</subfield>
			<subfield code="b">DE-703</subfield>
			<subfield code="c">BVB</subfield>
		</datafield>
		<datafield tag="924" ind1=" " ind2=" ">
			<subfield code="a">BV010419931</subfield>
			<subfield code="b">DE-83</subfield>
			<subfield code="c">KOBV</subfield>
		</datafield>
		<datafield tag="924" ind1=" " ind2=" ">
			<subfield code="a">BV010419931</subfield>
			<subfield code="b">DE-19</subfield>
			<subfield code="c">BVB</subfield>
		</datafield>
		<datafield tag="924" ind1=" " ind2=" ">
			<subfield code="a">BV010419931</subfield>
			<subfield code="b">DE-355</subfield>
			<subfield code="c">BVB</subfield>
		</datafield>
	</record>