
	<record>
		<leader>00000nam a2200000 c 4500</leader>
		<controlfield tag="001">BV037694755</controlfield>
		<controlfield tag="003">DE-604</controlfield>
		<controlfield tag="005">20090302120441</controlfield>
		<controlfield tag="007">t</controlfield>
		<controlfield tag="008">990414s1981 a||| |||| 00||| xxx d
		</controlfield>
		<datafield tag="035" ind1=" " ind2=" ">
			<subfield code="a">(OCoLC)886449160</subfield>
		</datafield>
		<datafield tag="035" ind1=" " ind2=" ">
			<subfield code="a">(DE-599)BVBBV037694755</subfield>
		</datafield>
		<datafield tag="040" ind1=" " ind2=" ">
			<subfield code="a">DE-604</subfield>
			<subfield code="b">ger</subfield>
			<subfield code="e">rakwb</subfield>
		</datafield>
		<datafield tag="049" ind1=" " ind2=" ">
			<subfield code="a">DE-Y2</subfield>
		</datafield>
		<datafield tag="245" ind1="1" ind2="0">
			<subfield code="a">Paolo Gioli</subfield>
			<subfield code="b">il punto trasparente - &apos;grafie 
			</subfield>
			<subfield code="c">Istituto Nazionale per la Grafica,
				Calcografia. A cura di Federica Di Castro
			</subfield>
		</datafield>
		<datafield tag="260" ind1=" " ind2=" ">
			<subfield code="a">Roma</subfield>
			<subfield code="b">De Luca</subfield>
			<subfield code="c">1981</subfield>
		</datafield>
		<datafield tag="300" ind1=" " ind2=" ">
			<subfield code="a">47 S.</subfield>
			<subfield code="b">überw. Ill.</subfield>
		</datafield>
		<datafield tag="500" ind1=" " ind2=" ">
			<subfield code="a">Ausst.: Calcografia Nazionale &lt;Roma&gt; :
				16.12.1981-12.1.1982 
			</subfield>
		</datafield>
		<datafield tag="655" ind1=" " ind2="7">
			<subfield code="0">(DE-588)4135467-9</subfield>
			<subfield code="a">Ausstellungskatalog</subfield>
			<subfield code="x">Calcografia Nazionale</subfield>
			<subfield code="y">16.12.1981-12.01.1982</subfield>
			<subfield code="z">Rom</subfield>
			<subfield code="2">gnd</subfield>
		</datafield>
		<datafield tag="650" ind1=" " ind2="7">
			<subfield code="0">(DE-589)4139067-2</subfield>
			<subfield code="a">Pflanzeninhaltsstoff</subfield>
			<subfield code="2">gnd</subfield>
		</datafield>
		<datafield tag="650" ind1=" " ind2="7">
			<subfield code="0">(DE-588)4183353-3</subfield>
			<subfield code="a">Stinkmorchel</subfield>
			<subfield code="2">gnd</subfield>
		</datafield>
		<datafield tag="700" ind1="1" ind2=" ">
			<subfield code="a">Di Castro, Federica</subfield>
			<subfield code="d">1932-1998</subfield>
			<subfield code="e">Hrsg.</subfield>
			<subfield code="0">(DE-588)113582781</subfield>
			<subfield code="4">edt</subfield>
		</datafield>
		<datafield tag="710" ind1="2" ind2=" ">
			<subfield code="a">Calcografia Nazionale &lt;Rom&gt;</subfield>
			<subfield code="e">Sonstige</subfield>
			<subfield code="0">(DE-588)5282794-X</subfield>
			<subfield code="4">oth</subfield>
		</datafield>
		<datafield tag="924" ind1=" " ind2=" ">
			<subfield code="a">BV037694755</subfield>
			<subfield code="b">DE-Y2</subfield>
			<subfield code="c">BVB</subfield>
		</datafield>
	</record>