
	<record>
		<leader>00000nam a2200000 c 4500</leader>
		<controlfield tag="001">BV037694766</controlfield>
		<controlfield tag="003">DE-604</controlfield>
		<controlfield tag="005">1999090311131</controlfield>
		<controlfield tag="007">t</controlfield>
		<controlfield tag="008">990414s1998 a||| |||| 00||| eng d
		</controlfield>
		<datafield tag="020" ind1=" " ind2=" ">
			<subfield code="a">9053492798</subfield>
			<subfield code="9">90-5349-279-8</subfield>
		</datafield>
		<datafield tag="035" ind1=" " ind2=" ">
			<subfield code="a">(OCoLC)886449504</subfield>
		</datafield>
		<datafield tag="035" ind1=" " ind2=" ">
			<subfield code="a">(DE-599)BVBBV037694766</subfield>
		</datafield>
		<datafield tag="040" ind1=" " ind2=" ">
			<subfield code="a">DE-604</subfield>
			<subfield code="b">ger</subfield>
			<subfield code="e">rakwb</subfield>
		</datafield>
		<datafield tag="041" ind1="0" ind2=" ">
			<subfield code="a">eng</subfield>
			<subfield code="a">dut</subfield>
			<subfield code="a">fra</subfield>
		</datafield>
		<datafield tag="049" ind1=" " ind2=" ">
			<subfield code="a">DE-255</subfield>
		</datafield>
		<datafield tag="084" ind1=" " ind2=" ">
			<subfield code="a">BLa RVK</subfield>
			<subfield code="2">rvk</subfield>
		</datafield>
		<datafield tag="245" ind1="1" ind2="0">
			<subfield code="a">Moshe Ninio</subfield>
			<subfield code="b">for the time being</subfield>
			<subfield code="c">S.M.A.K., FRAC Languedoc-Roussilon. Ed.: Bart
				De Baere and Michael Gordon
			</subfield>
		</datafield>
		<datafield tag="246" ind1="1" ind2="3">
			<subfield code="a"> In the mean time</subfield>
		</datafield>
		<datafield tag="260" ind1=" " ind2=" ">
			<subfield code="a">Gent</subfield>
			<subfield code="b">Snoeck-Ducaju</subfield>
			<subfield code="c">1998</subfield>
		</datafield>
		<datafield tag="300" ind1=" " ind2=" ">
			<subfield code="a">71 S.</subfield>
			<subfield code="b">Ill.</subfield>
		</datafield>
		<datafield tag="500" ind1=" " ind2=" ">
			<subfield code="a">Beitr. engl., teilw. auch franz., teilw. auch
				niederländ.
			</subfield>
		</datafield>
		<datafield tag="500" ind1=" " ind2=" ">
			<subfield code="a">Ausst.: Fonds Régional d&apos;Art
				Contemporain Languedoc-Roussillon : 5.7.-14.9.1996 
			</subfield>
		</datafield>
		<datafield tag="500" ind1=" " ind2=" ">
			<subfield code="a">Ausst.: Stedelijk Museum voor Actuele Kunst
				&lt;Gand&gt; : 15.9.-15.10.1998</subfield>
		</datafield>
		<datafield tag="600" ind1="1" ind2="7">
			<subfield code="0">(DE-588)121031969</subfield>
			<subfield code="a">Ninio, Moshe</subfield>
			<subfield code="d">1953-</subfield>
			<subfield code="2">gnd</subfield>
		</datafield>
		<datafield tag="655" ind1=" " ind2="7">
			<subfield code="0">(DE-588)4135467-9</subfield>
			<subfield code="a">Ausstellungskatalog</subfield>
			<subfield code="x">Fonds Régional d&apos;Art Contemporain
				Languedoc-Roussillon 
			</subfield>
			<subfield code="y">05.07.1996-14.09.1996</subfield>
			<subfield code="z">Montpellier</subfield>
			<subfield code="2">gnd</subfield>
		</datafield>
		<datafield tag="655" ind1=" " ind2="7">
			<subfield code="0">(DE-588)4135467-9</subfield>
			<subfield code="a">Ausstellungskatalog</subfield>
			<subfield code="x">S.M.A.K.</subfield>
			<subfield code="y">15.09.1998-15.10.1998</subfield>
			<subfield code="z">Gand</subfield>
			<subfield code="2">gnd</subfield>
		</datafield>
		<datafield tag="655" ind1=" " ind2="7">
			<subfield code="a">Ausstellung</subfield>
			<subfield code="z">Montpellier</subfield>
			<subfield code="y">1996</subfield>
			<subfield code="2">gnd</subfield>
		</datafield>
		<datafield tag="689" ind1="0" ind2="0">
			<subfield code="0">(DE-588)121031969</subfield>
			<subfield code="D">p</subfield>
			<subfield code="a">Ninio, Moshe</subfield>
			<subfield code="d">1953-</subfield>
		</datafield>
		<datafield tag="689" ind1="0" ind2="1">
			<subfield code="A">f</subfield>
			<subfield code="a">Ausstellung</subfield>
		</datafield>
		<datafield tag="689" ind1="0" ind2="2">
			<subfield code="A">f</subfield>
			<subfield code="a">Montpellier &lt;1996&gt;</subfield>
		</datafield>
		<datafield tag="689" ind1="0" ind2=" ">
			<subfield code="5">DE-604</subfield>
		</datafield>
		<datafield tag="700" ind1="1" ind2=" ">
			<subfield code="a">Wright, Karen</subfield>
			<subfield code="e">Hrsg.</subfield>
			<subfield code="0">(DE-588)161098657</subfield>
			<subfield code="4">edt</subfield>
		</datafield>
		<datafield tag="700" ind1="1" ind2=" ">
			<subfield code="a">Gordon, Michael</subfield>
			<subfield code="e">Hrsg.</subfield>
			<subfield code="0">(DE-588)109564006</subfield>
			<subfield code="4">edt</subfield>
		</datafield>
		<datafield tag="710" ind1="2" ind2=" ">
			<subfield code="a">S.M.A.K. &lt;Körperschaft&gt;</subfield>
			<subfield code="e">Sonstige</subfield>
			<subfield code="0">(DE-588)5324156-3</subfield>
			<subfield code="4">oth</subfield>
		</datafield>
		<datafield tag="710" ind1="2" ind2=" ">
			<subfield code="a">Fonds Régional d&apos;Art Contemporain
				Languedoc-Roussillon 
			</subfield>
			<subfield code="e">Sonstige</subfield>
			<subfield code="0">(DE-588)5064541-9</subfield>
			<subfield code="4">oth</subfield>
		</datafield>
		<datafield tag="924" ind1=" " ind2=" ">
			<subfield code="a">BV037694766</subfield>
			<subfield code="b">DE-255</subfield>
			<subfield code="c">BVB</subfield>
		</datafield>
	</record>