
	<record>
		<leader>00000nam a2200000 c 4500</leader>
		<controlfield tag="001">BV037694806</controlfield>
		<controlfield tag="003">DE-604</controlfield>
		<controlfield tag="005">20100925100736</controlfield>
		<controlfield tag="007">t</controlfield>
		<controlfield tag="008">990415s1997 a||| |||| 00||| dt. d
		</controlfield>
		<datafield tag="020" ind1=" " ind2=" ">
			<subfield code="a">8843587005</subfield>
			<subfield code="9">88-435-8700-5</subfield>
		</datafield>
		<datafield tag="035" ind1=" " ind2=" ">
			<subfield code="a">(OCoLC)886449488</subfield>
		</datafield>
		<datafield tag="035" ind1=" " ind2=" ">
			<subfield code="a">(DE-599)BVBBV037694806</subfield>
		</datafield>
		<datafield tag="040" ind1=" " ind2=" ">
			<subfield code="a">DE-604</subfield>
			<subfield code="b">ger</subfield>
			<subfield code="e">rakwb</subfield>
		</datafield>
		<datafield tag="049" ind1=" " ind2=" ">
			<subfield code="a">DE-Y3</subfield>
			<subfield code="a">DE-Y2</subfield>
		</datafield>
		<datafield tag="245" ind1="1" ind2="0">
			<subfield code="a">Sculture</subfield>
			<subfield code="b">Riccardo Dalisi</subfield>
			<subfield code="c">Ministero per i Beni Culturali e Ambientali,
				Soprintendenza per i Beni Ambientali e Architettonici di Napoli e
				Provincia. A cura di Angelo Trimarco. Fotografie di Sergio Riccio
			</subfield>
		</datafield>
		<datafield tag="260" ind1=" " ind2=" ">
			<subfield code="a">Napoli</subfield>
			<subfield code="b">Electa Napoli</subfield>
			<subfield code="c">1997</subfield>
		</datafield>
		<datafield tag="300" ind1=" " ind2=" ">
			<subfield code="a">237 S.</subfield>
			<subfield code="b">überw. Ill.</subfield>
			<subfield code="c">28 cm</subfield>
		</datafield>
		<datafield tag="500" ind1=" " ind2=" ">
			<subfield code="a">Ausst.: Palazzo Reale &lt;Napoli&gt; :
				7.11.1997-11.1.1998 
			</subfield>
		</datafield>
		<datafield tag="600" ind1="1" ind2="7">
			<subfield code="0">(DE-588)119435918</subfield>
			<subfield code="a">Dalisi, Riccardo</subfield>
			<subfield code="d">1931-</subfield>
			<subfield code="2">gnd</subfield>
		</datafield>
		<datafield tag="655" ind1=" " ind2="7">
			<subfield code="0">(DE-588)4135467-9</subfield>
			<subfield code="a">Ausstellungskatalog</subfield>
			<subfield code="x">Palazzo Reale</subfield>
			<subfield code="y">07.11.1997-11.01.1998</subfield>
			<subfield code="z">Neapel</subfield>
			<subfield code="2">gnd</subfield>
		</datafield>
		<datafield tag="655" ind1=" " ind2="7">
			<subfield code="a">Ausstellung</subfield>
			<subfield code="z">Napoli</subfield>
			<subfield code="y">1997</subfield>
			<subfield code="2">gnd</subfield>
		</datafield>
		<datafield tag="689" ind1="0" ind2="0">
			<subfield code="0">(DE-588)119435918</subfield>
			<subfield code="D">p</subfield>
			<subfield code="a">Dalisi, Riccardo</subfield>
			<subfield code="d">1931-</subfield>
		</datafield>
		<datafield tag="689" ind1="0" ind2="1">
			<subfield code="A">f</subfield>
			<subfield code="a">Ausstellung</subfield>
		</datafield>
		<datafield tag="689" ind1="0" ind2="2">
			<subfield code="A">f</subfield>
			<subfield code="a">Napoli &lt;1997&gt;</subfield>
		</datafield>
		<datafield tag="689" ind1="0" ind2=" ">
			<subfield code="5">DE-604</subfield>
		</datafield>
		<datafield tag="700" ind1="1" ind2=" ">
			<subfield code="a">Trimarco, Angelo</subfield>
			<subfield code="d">1941-</subfield>
			<subfield code="e">Hrsg.</subfield>
			<subfield code="0">(DE-588)142369241</subfield>
			<subfield code="4">edt</subfield>
		</datafield>
		<datafield tag="700" ind1="1" ind2=" ">
			<subfield code="a">Riccio, Sergio</subfield>
			<subfield code="e">Fotogr.</subfield>
			<subfield code="0">(DE-588)123653797</subfield>
			<subfield code="4">oth</subfield>
		</datafield>
		<datafield tag="710" ind1="2" ind2=" ">
			<subfield code="a">Soprintendenza per i Beni Ambientali e
				Architettonici di Napoli e Provincia
			</subfield>
			<subfield code="e">Sonstige</subfield>
			<subfield code="0">(DE-588)5040704-1</subfield>
			<subfield code="4">oth</subfield>
		</datafield>
		<datafield tag="924" ind1=" " ind2=" ">
			<subfield code="a">BV037694806</subfield>
			<subfield code="b">DE-Y3</subfield>
			<subfield code="c">BVB</subfield>
		</datafield>
		<datafield tag="924" ind1=" " ind2=" ">
			<subfield code="a">BV037694806</subfield>
			<subfield code="b">DE-Y2</subfield>
			<subfield code="c">BVB</subfield>
		</datafield>
	</record>