
	<record>
		<leader>00000nam a2200000 c 4500</leader>
		<controlfield tag="001">BV037694831</controlfield>
		<controlfield tag="003">DE-604</controlfield>
		<controlfield tag="005">20070207115143</controlfield>
		<controlfield tag="007">t</controlfield>
		<controlfield tag="008">990416s1998 a||| |||| 00||| de d
		</controlfield>
		<datafield tag="035" ind1=" " ind2=" ">
			<subfield code="a">(OCoLC)886449602</subfield>
		</datafield>
		<datafield tag="035" ind1=" " ind2=" ">
			<subfield code="a">(DE-599)BVBBV037694831</subfield>
		</datafield>
		<datafield tag="040" ind1=" " ind2=" ">
			<subfield code="a">DE-604</subfield>
			<subfield code="b">ger</subfield>
			<subfield code="e">rakwb</subfield>
		</datafield>
		<datafield tag="049" ind1=" " ind2=" ">
			<subfield code="a">DE-Y3</subfield>
			<subfield code="a">DE-Y2</subfield>
		</datafield>
		<datafield tag="084" ind1=" " ind2=" ">
			<subfield code="a">BLa RVK</subfield>
			<subfield code="2">rvk</subfield>
		</datafield>
		<datafield tag="050" ind1=" " ind2=" ">
			<subfield code="a">BLa LCC</subfield>
		</datafield>
		<datafield tag="084" ind1=" " ind2=" ">
			<subfield code="a">BLa BKL</subfield>
			<subfield code="2">bkl</subfield>
		</datafield>
		<datafield tag="245" ind1="1" ind2="0">
			<subfield code="a">Gustavo Benucci</subfield>
			<subfield code="b">opere 1942 - 1991</subfield>
			<subfield code="c">Accademia di Belle Arti P. Vannucci, Perugia
				... A cura di Antonio Carlo Ponti. Nota critica di Ivan Lantos
			</subfield>
		</datafield>
		<datafield tag="260" ind1=" " ind2=" ">
			<subfield code="a">Perugia</subfield>
			<subfield code="b">EFFE Fabrizio Fabbri Editore</subfield>
			<subfield code="c">1998</subfield>
		</datafield>
		<datafield tag="300" ind1=" " ind2=" ">
			<subfield code="a">182 S.</subfield>
			<subfield code="b">Ill.</subfield>
			<subfield code="c">24 cm</subfield>
		</datafield>
		<datafield tag="500" ind1=" " ind2=" ">
			<subfield code="a">Ausst.: Complesso Monumentale di Santa
				Giuliana &lt;Perugia&gt; : 23.5.-7.6.1998</subfield>
		</datafield>
		<datafield tag="600" ind1="1" ind2="7">
			<subfield code="0">(DE-588)121156230</subfield>
			<subfield code="a">Benucci, Gustavo</subfield>
			<subfield code="d">1927-1991</subfield>
			<subfield code="2">gnd</subfield>
		</datafield>
		<datafield tag="655" ind1=" " ind2="7">
			<subfield code="0">(DE-588)4135467-9</subfield>
			<subfield code="a">Ausstellungskatalog</subfield>
			<subfield code="x">Complesso Monumentale di Santa Giuliana,
				Perugia
			</subfield>
			<subfield code="y">23.05.1998-07.06.1998</subfield>
			<subfield code="z">Perugia</subfield>
			<subfield code="2">gnd</subfield>
		</datafield>
		<datafield tag="655" ind1=" " ind2="7">
			<subfield code="a">Ausstellung</subfield>
			<subfield code="z">Perugia</subfield>
			<subfield code="y">1998</subfield>
			<subfield code="2">gnd</subfield>
		</datafield>
		<datafield tag="689" ind1="0" ind2="0">
			<subfield code="0">(DE-588)121156230</subfield>
			<subfield code="D">p</subfield>
			<subfield code="a">Benucci, Gustavo</subfield>
			<subfield code="d">1927-1991</subfield>
		</datafield>
		<datafield tag="689" ind1="0" ind2="1">
			<subfield code="A">f</subfield>
			<subfield code="a">Ausstellung</subfield>
		</datafield>
		<datafield tag="689" ind1="0" ind2="2">
			<subfield code="A">f</subfield>
			<subfield code="a">Perugia &lt;1998&gt;</subfield>
		</datafield>
		<datafield tag="689" ind1="0" ind2=" ">
			<subfield code="5">DE-604</subfield>
		</datafield>
		<datafield tag="700" ind1="1" ind2=" ">
			<subfield code="a">Ponti, Antonio Carlo</subfield>
			<subfield code="d">1936-</subfield>
			<subfield code="e">Hrsg.</subfield>
			<subfield code="0">(DE-588)132594501</subfield>
			<subfield code="4">edt</subfield>
		</datafield>
		<datafield tag="700" ind1="1" ind2=" ">
			<subfield code="a">Lantos, Ivan</subfield>
			<subfield code="e">Sonstige</subfield>
			<subfield code="4">oth</subfield>
		</datafield>
		<datafield tag="710" ind1="2" ind2=" ">
			<subfield code="a">Accademia di Belle Arti Pietro Vannucci
				&lt;Perugia&gt;</subfield>
			<subfield code="e">Sonstige</subfield>
			<subfield code="0">(DE-588)1049739-0</subfield>
			<subfield code="4">oth</subfield>
		</datafield>
		<datafield tag="924" ind1=" " ind2=" ">
			<subfield code="a">BV037694831</subfield>
			<subfield code="b">DE-Y3</subfield>
			<subfield code="c">BVB</subfield>
		</datafield>
		<datafield tag="924" ind1=" " ind2=" ">
			<subfield code="a">BV037694831</subfield>
			<subfield code="b">DE-Y2</subfield>
			<subfield code="c">BVB</subfield>
		</datafield>
	</record>
</collection>